@article{IDM,
  author = {D. Keysers and T. Deselaers and C. Gollan and H.~Ney},
  title = {Deformation models for image recognition},
  journal = {IEEE Trans on Pattern Analysis and Machine Intelligence},
  year = {2007},
  volume = {29},
  number = {8},
  pages = {1422-1435}
}
  

@article{TD,
  author = {P. Simard and Y. Le Cun and J. Denker and B. Victorri},
  title = {Transformation Invariance in Pattern Recognition: Tangent
    Distance and Tangent Propagation},
  journal = {International Journal of Imaging Systems and Technology},
  volume = {11},
  number = {3},
  pages = {181-197},
  year = {2000}
}
  @article{ATV,
  title={Adaptation in statistical pattern recognition using tangent vectors},
  author={Keysers, D. and Macherey, W. and Ney, H. and Dahmen, J.},
  journal={Pattern Analysis and Machine Intelligence, IEEE Transactions on},
  volume={26},
  number={2},
  pages={269--274},
  year={2004},
  publisher={IEEE}
}
@article{OF,
  title={Lucas/Kanade meets Horn/Schunck: Combining local and global optic flow methods},
  author={Bruhn, A. and Weickert, J. and Schn{\"o}rr, C.},
  journal={International Journal of Computer Vision},
  volume={61},
  number={3},
  pages={211--231},
  year={2005},
  publisher={Springer}
}
@article{TMG3,
     title={Transformation-invariant clustering using the EM algorithm},
      author={Frey, B.J. and Jojic, N.},
       journal={Pattern Analysis and Machine Intelligence, IEEE Transactions on},
        volume={25},
         number={1},
          pages={1--17},
           year={2003},
            publisher={IEEE}
}
@inproceedings{TMG2,
  title={Estimating mixture models of images and inferring spatial transformations using the EM algorithm},
  author={Frey, B.J. and Jojic, N.},
  booktitle={Computer Vision and Pattern Recognition, 1999. IEEE Computer Society Conference on.},
  volume={1},
  year={1999},
  organization={IEEE}
}
@inproceedings{TMG1,
  title={Transformed component analysis: Joint estimation of spatial transformations and image components},
  author={Frey, B.J. and Jojic, N.},
  booktitle={Computer Vision, 1999. The Proceedings of the Seventh IEEE International Conference on},
  volume={2},
  pages={1190--1196},
  year={1999},
  organization={IEEE}
}
@article{AAM,
      title={Active appearance models},
        author={Cootes, T.F. and Edwards, G.J. and Taylor, C.J.},
          journal={Pattern Analysis and Machine Intelligence, IEEE Transactions on},
            volume={23},
              number={6},
                pages={681--685},
                  year={2001},
                    publisher={IEEE}
}
@article{SC,
  title={Shape context: A new descriptor for shape matching and object recognition},
  author={Belongie, S. and Malik, J. and Puzicha, J.},
  journal={Advances in neural information processing systems},
  pages={831--837},
  year={2001},
  publisher={MIT; 1998}
}
@article{ISO,
  title={A global geometric framework for nonlinear dimensionality reduction},
  author={Tenenbaum, J.B. and Silva, V. and Langford, J.C.},
  journal={Science},
  volume={290},
  number={5500},
  pages={2319},
  year={2000},
  publisher={American Association for the Advancement of Science}
}
@article{LLE,
  title={Nonlinear dimensionality reduction by locally linear embedding},
  author={Roweis, S.T. and Saul, L.K.},
  journal={Science},
  volume={290},
  number={5500},
  pages={2323},
  year={2000},
  publisher={American Association for the Advancement of Science}
}

@article{JP,
  title={Multidimensional morphable models: A framework for representing and matching object classes},
  author={Jones, M.J. and Poggio, T.},
  journal={International Journal of Computer Vision},
  volume={29},
  number={2},
  pages={107--131},
  year={1998},
  publisher={Springer}
}
@inproceedings{Congeal,
  title={Learning from one example through shared densities on transforms},
  author={Miller, E.G. and Matsakis, N.E. and Viola, P.A.},
  booktitle={Computer Vision and Pattern Recognition, 2000. Proceedings. IEEE Conference on},
  volume={1},
  pages={464--471},
  year={2000},
  organization={IEEE}
}

@article{HTrevor,
  title={Metrics and models for handwritten character recognition},
  author={Hastie, T. and Simard, P.Y.},
  journal={Statistical Science},
  pages={54--65},
  year={1998},
  publisher={JSTOR}
}

@article{VSVM,
  title={Training invariant support vector machines},
  author={Decoste, D. and Sch{\"o}lkopf, B.},
  journal={Machine Learning},
  volume={46},
  number={1},
  pages={161--190},
  year={2002},
  publisher={Springer}
}

@inproceedings{CNN,
  title={Convolutional Neural Network Committees For Handwritten Character Classification},
  author={Ciresan, D.C. and Meier, U. and Gambardella, L.M. and Schmidhuber, J.},
  booktitle={Document Analysis and Recognition (ICDAR), 2011 International Conference on},
  pages={1135--1139},
  year={2011},
  organization={IEEE}
}

@article{MNIST,
  title={MNIST handwritten digit database},
  author={LeCun, Y.},
  journal={AT\&T Labs [Online]. Available: http://yann. lecun. com/exdb/mnist},
  year={1998}
}

@inproceedings{Oneshot,
  title={One shot learning of simple visual concepts},
  author={Lake, B.M. and Salakhutdinov, R. and Gross, J. and Tenenbaum, J.B.},
  booktitle={Proceedings of the 33rd Annual Conference of the Cognitive Science Society},
  year={2011}
}